@book{PRESSMAN,
 author    = "Roger S Pressman",
 publisher = "Pearson",
 title     = "Engenharia de Software",
 year      =  1995,
 edition   = "3ª",
 address = {São Paulo},
}

@book{SOMMERVILLE,
 author    = "Ian Sommerville",
 publisher = "Pearson",
 title     = "Engenharia de Software",
 year      =  2004,
 edition   = "6ª",
 address = {São Paulo},
}


@book{MYERS,
 author    = "Glenford J Myers",
 publisher = "John Wiley \& Sons, Inc.",
 title     = "The Art of Software Testing",
 year      =  2004,
 edition   = "2ª",
 address = {Hoboken},
}

@book{CHAFFER,
 author    = "Jonathan Chaffer and Karl Swedberg",
 publisher = "Packt Publishing",
 title     = "Learning jQuery",
 year      =  2011,
 edition   = "3ª",
 address = {Birmingham},
}

@book{ZAKAS,
 author    = "Nicholas C Zakas",
 publisher = "Packt Publishing",
 title     = "Professional JavaScript for Web Developers",
 year      =  2009,
 edition   = "2ª",
 address = {Indianapolis,},
}

@book{CHELIMSKY,
 author    = "David Chelimsky and Dave Astels and Zach Dennis and Aslak Hellesoy and Bryan Helmkamp and Dan North",
 publisher = "The Pragmatic Programmers",
 title     = "The RSpec book",
 year      =  2011,
}

@book{BECK,
 author    = {Kent Beck},
 publisher = {Addison-Wesley Professional},
 title     = {Test-Driven Development: By Example},
 year      = {2002},
 address = {Boston},
}

@book{THOMAS,
 author    = {Dave Thomas and Chad Fowler and Andy Hunt},
 publisher = {The Pragmatic Programmers},
 title     = {Programming Ruby 1.9},
 year      = {2012},
 address = {Dallas},
}

@book{HANSSON,
 author    = "David Heinemeier Hansoson and Dave Thomas and Sam Ruby",
 publisher = "The Pragmatic Programmers",
 title     = "Agile Web Development with Rails",
 year      =  2011,
 edition   = "4ª",
 address = {Dallas},
}


@article{KON,
	author = {Paulo Cheque Bernardo and Fabio Kon},
	title = {A Importância dos Testes Automatizados: Controle ágil, rápido e confiável de qualidade},
	journal = {Engenharia de Software Magazine},
	year = {2008},
	pages = {54-57}
}

@article{CRESPO,
	title = {Uma Metodologia para Teste de Software no Contexto da Melhoria de Processo},
	author = {Adalberto Nobiato Crespo and Odair Jacinto da Silva and Carlos Alberto Borges and Clenio F. Salviano and Miguel de Teive e Argolo Júnior and Mário Jino},
	journal = {Simpósio Brasileiro de Qualidade de Software},
	year = {2004},
}

@article{CHARETTE,
	title = {Why Software Fails},
	author = {Robert N Charette},
	journal = {IEEE Spectrum},
	pages = {42-49},
	year = {2005},
}

@article{CERPA,
	title = {Why Did You Project Fail?},
	author = {Narciso Cerpa and June M Verner},
  journal = {Finding the Fun in Computer Science Education},
	publisher = {Association for Computing Machinery},
	pages = {130-134},
	volume = {52},
	year = {2009},
}

@article{CARVALHO,
	title = {Autonomação na Produção de Software},
	author = {Fernando Luiz Carvalho Silva and Gabriel Manhães Monnerat and Rogério Atem Carvalho},
	journal = {Encontro Nacional de Engenharia de Produção},
	year = {2010},
}

@article{HOLWEG,
	title = {The genealogy of lean production},
	author = {Matthias Holweg},
	journal = {Journal of Operations Management},
	pages = {420-437},
	year = {2007},
}

@dissertation{FIELDING,
	title = {Architectural Styles and the Design of Network-based Software Architectures},
	author = {Roy Thomas Fielding},
  school = {UNIVERSITY OF CALIFORNIA},
	year = {2000},
}

@monography{RODRIGO,
  title = {Behaviour-Driven Development: Uma Abordagem Ágil para Engenharia de Software},
  author = {Rodrigo Soares Manh{\~ a}es},
  type = {Pós-graduação},
  year = 2010,
  school = {Escola Superior Aberta do Brasil},
  address = {Vila Velha}
}

@misc{JQUERY-API,
  title = {jQuery API},
  author = {jQuery},
  year = {2012},
  url ={http://api.jquery.com/},
  urlaccessdate = {20/07/2012}
}

@misc{PIRES,
  title = {JavaScript},
  author = {Charleno Pires},
  year = {2011},
  url ={https://developer.mozilla.org/pt/JavaScript},
  urlaccessdate = {18/07/2012}
}

@misc{AJ,
  title = {Amberjack2},
  author = {Arash Yalpani},
  year = {2012},
  url ={https://amberjack2.org},
  urlaccessdate = {18/07/2012}
}

@misc{NSI,
  title = {Especificação Executável},
  author = {NSI/IFF},
  year = {2010},
  url ={http://www.softwarepublico.gov.br/5cqualibr/xowiki/especificacaoExecutavel},
  urlaccessdate = {14/03/2012}
}

@misc{RAILS,
  title = {Ruby On Rails},
  author = {37Signals},
  year = {2010},
  url ={http://rubyonrails.org},
  urlaccessdate = {18/07/2012}
}

@misc{RUBY,
  title = {Ruby},
  author = {Yukihiro Matsumoto},
  year = {1994},
  url = {http://linuxdevcenter.com/pub/a/linux/2001/11/29/ruby.html},
  urlaccessdate = {18/07/2012}
}

@misc{RUBINIUS,
  title = {Rubinius},
  author = {Evan Phoenix},
  year = {2012},
  url = {http://rubini.us/},
  urlaccessdate = {18/07/2012}
}

@misc{JRUBY,
  title = {JRuby},
  author = {Charles Nutter and Thomas Enebo and Ola Bini and Nick Sieger},
  year = {2012},
  url = {http://jruby.org/},
  urlaccessdate = {18/07/2012}
}

@misc{W3,
  title = {Hypertext Transfer Protocol},
  author = {W3},
  year = {2012},
  url ={http://www.w3.org/Protocols/rfc2616/rfc2616-sec9.html},
  urlaccessdate = {18/07/2012}
}

@misc{HASHR,
  title = {Hashr},
  author = {Sven Fuchs},
  year = {2012},
  url ={https://github.com/svenfuchs/hashr},
  urlaccessdate = {18/07/2012}
}

@misc{YAML,
  title = {About YAML},
  author = {YAML},
  year = {2012},
  url ={http://www.yaml.org/about.html},
  urlaccessdate = {18/07/2012}
}

@misc{PSYCH,
  title = {Psych},
  author = {Aaron Patterson},
  year = {2012},
  url ={https://github.com/tenderlove/psych},
  urlaccessdate = {20/07/2012}
}

@misc{REDTURTLE,
  title = {collective.amberjack},
  author = {Massimo Azzolini},
  year = {2012},
  url ={http://plone.org/products/collective.amberjack},
  urlaccessdate = {25/07/2012}
}